@ARTICLE{em, 
	author={Moon, T.K.}, 
	journal={Signal Processing Magazine, IEEE}, 
	title={The expectation-maximization algorithm}, 
	year={1996}, 
	month={Nov}, 
	volume={13}, 
	number={6}, 
	pages={47-60}, 
	keywords={maximum likelihood estimation;probability;signal processing;EM algorithm;binning;censoring;data clustering;data dropouts;estimation theory;expectation-maximization algorithm;histogram;maximum-likelihood estimates;mean;noise;parameter estimation;probability distribution function;signal processing;truncation;Convergence;Estimation theory;Hidden Markov models;Histograms;Image reconstruction;Maximum likelihood estimation;Parameter estimation;Phase detection;Probability distribution;Signal processing algorithms}, 
	doi={10.1109/79.543975}, 
	ISSN={1053-5888},}

@ARTICLE{em_vs_im, 
	author={Myrtveit, I. and Stensrud, E. and Olsson, U.H.}, 
	journal={Software Engineering, IEEE Transactions on}, 
	title={Analyzing data sets with missing data: an empirical evaluation of imputation methods and likelihood-based methods}, 
	year={2001}, 
	month={Nov}, 
	volume={27}, 
	number={11}, 
	pages={999-1013}, 
	keywords={data analysis;maximum likelihood estimation;software cost estimation;statistical analysis;ERP data set;FIML;LD;MCAR;MDTs;MI;SRPI data sets;biased prediction models;data set analysis;information maximum likelihood;listwise deletion;mean imputation;missing completely at random;missing data techniques;regression-based prediction model;regression-based prediction models;similar response pattern imputation;software cost modeling;software effort prediction models;Context modeling;Costs;Data analysis;Databases;Enterprise resource planning;Information analysis;Maximum likelihood estimation;Predictive models;Software engineering;Software standards}, 
	doi={10.1109/32.965340}, 
	ISSN={0098-5589},}

@ARTICLE{kmeans, 
	author={Kanungo, Tapas and Mount, D.M. and Netanyahu, N.S. and Piatko, C.D. and Silverman, R. and Wu, A.Y.}, 
	journal={Pattern Analysis and Machine Intelligence, IEEE Transactions on}, 
	title={An efficient k-means clustering algorithm: analysis and implementation}, 
	year={2002}, 
	month={Jul}, 
	volume={24}, 
	number={7}, 
	pages={881-892}, 
	keywords={covariance matrices;filtering theory;pattern clustering;Lloyd algorithm;color quantization;data compression;data structure;data-sensitive analysis;filtering algorithm;image segmentation;k-means clustering algorithm;kd-tree;mean squared distance;Algorithm design and analysis;Clustering algorithms;Data analysis;Data compression;Data mining;Data structures;Filtering algorithms;Iterative algorithms;Machine learning algorithms;Pattern recognition}, 
	doi={10.1109/TPAMI.2002.1017616}, 
	ISSN={0162-8828},}

@INPROCEEDINGS{imputation, 
	author={Madhu, G. and Rajinikanth, T.V.}, 
	booktitle={Computational Intelligence Computing Research (ICCIC), 2012 IEEE International Conference on}, 
	title={A novel index measure imputation algorithm for missing data values: A machine learning approach}, 
	year={2012}, 
	month={Dec}, 
	pages={1-7}, 
	keywords={data mining;database management systems;decision trees;learning (artificial intelligence);pattern classification;support vector machines;FKMI algorithm;SVMI;WKNNI;class attributes;classification accuracy;classifier predictive accuracy;data set features;decision rules;decision tree algorithm;homogeneous attributes;index measure imputation algorithm;large databases;machine learning approach;missing attribute values;missing data values;numeric attributes;real time data mining process;classification;decision tree;index measure;missing values}, 
	doi={10.1109/ICCIC.2012.6510198},}